@inproceedings{pereirajunior_improving_2012,
  address = {Stockholm},
  title = {Improving Satellite Data Archiving Facility for Environmental R\&D Purposes Based on Architecture of Information Approach},
  timestamp = {2015-06-12 19:31:37},
  booktitle = {The 12th International Conference on Space Operations - {SpaceOps} 2012 - Proceedings of {SpaceOps} 2012},
  author = {Pereira J{\'u}nior, Romualdo Alves and Santos, M. A. F. and Lima-Marques, Mamede},
  year = {2012}
}

@misc{pereirajunior_filosofia_2014,
  title = {Filosofia, Ci{\^e}ncia e Pr{\'a}xis da Internet das Coisas},
  timestamp = {2015-06-12 19:31:50},
  author = {Pereira J{\'u}nior, Romualdo Alves},
  year = {2014}
}

@phdthesis{machado_planejamento_2014,
  address = {Bras{\'\i}lia},
  type = {Monografia de Aperfei{\c c}oamento/Especializa{\c c}{\~a}o em Engenharia de Software - P{\'o}s Gradua{\c c}{\~a}o},
  title = {Planejamento da {TI} governamental: uma proposta de {PDTI} para o Instituto do Patrim{\^o}nio Hist{\'o}rico e Art{\'\i}stico Nacional},
  timestamp = {2015-06-12 19:31:52},
  school = {Funda{\c c}{\~a}o Universa},
  author = {Machado, Carlos Augusto Pessoa},
  collaborator = {de Siqueira, Andr{\'e} Henrique},
  year = {2014}
}

@phdthesis{passos_design_2014,
  address = {Portugal},
  type = {Doutorado em Desenho Industrial},
  title = {Design da informa{\c c}{\~a}o},
  language = {pt},
  timestamp = {2015-08-03 20:30:58},
  school = {Universidade de Aveiro},
  author = {Passos, Ravi and Lima-Marques, Mamede},
  year = {2014}
}

@misc{fernandes_sobre_2013-1,
  title = {Sobre a natureza da Informa{\c c}{\~a}o, dado e conhecimento},
  timestamp = {2015-08-03 20:32:25},
  author = {dos Fernandes, Gilberto Lacerda},
  year = {2013}
}

@techreport{universidadedebrasilia_plano_2014,
  address = {Bras{\'I}lia, {DF}},
  title = {Plano de Desenvolvimento Institucional 2014 -- 2017},
  url = {http://www.unb.br/noticias/downloads/PDI.2014-2017.pdf},
  language = {pt},
  timestamp = {2015-07-23 14:26:59},
  urldate = {2015-07-23},
  institution = {Universidade de Bras{\'\i}lia},
  author = {{Universidade de Bras{\'\i}lia}},
  month = jul,
  year = {2014},
  pages = {158}
}

@phdthesis{albuquerque_modelo_2014,
  address = {Bras{\'\i}lia},
  type = {Disserta{\c c}{\~a}o de Mestrado em Ci{\^e}ncias da Informa{\c c}{\~a}o},
  title = {Modelo de framework de Arquitetura da Informa{\c c}{\~a}o baseado em roteiros},
  timestamp = {2015-06-12 19:32:10},
  school = {Universidade de Bras{\'\i}lia},
  author = {de Albuquerque, Fernando Antonio Ara{\'u}jo Chacon and Lima-Marques, Mamede},
  year = {2014}
}

@phdthesis{fernandes_em_2014,
  address = {Bras{\'\i}lia},
  type = {Disserta{\c c}{\~a}o de Mestrado em Ci{\^e}ncias da Informa{\c c}{\~a}o},
  title = {Em busca de um modelo fenomenol{\'o}gico do mecanismo de apreens{\~a}o humana},
  language = {pt},
  timestamp = {2015-06-12 19:32:15},
  school = {Universidade de Bras{\'\i}lia},
  author = {Fernandes, Gilberto L.},
  collaborator = {Lima-Marques, Mamede},
  year = {2014}
}

@book{lima-marques_logic_2011,
  address = {London},
  title = {Logic without Frontiers. Festschrift for Walter Alexandre Carnielli on the Occasion of His 60th Birthday by Jean-Yves Beziau, Marcelo Esteban Coniglio | Waterstones.com},
  isbn = {1-84890-055-4},
  language = {en},
  timestamp = {2015-07-04 20:34:52},
  publisher = {College Publications},
  author = {Lima-Marques, Mamede},
  editor = {Coniglio, Marcelo Esteban and Beziau, Jean-Yves},
  year = {2011},
  file = {Snapshot:/home/bruno/.zotero/zotero/7975udyj.default/zotero/storage/M6IHEAQ3/9781848900554.html:text/html}
}

@misc{gorsky_comentarios_2013,
  title = {Coment{\'a}rios sobre a l{\'o}gica e a metaf{\'\i}sica dos enigmas: surpresa, espanto e informa{\c c}{\~a}o},
  timestamp = {2015-06-12 19:32:21},
  author = {Gorsky, Samir B.},
  year = {2013}
}

@patent{zaguetto_midas_2015,
  address = {Bras{\'\i}lia},
  title = {Midas},
  nationality = {Brasil},
  language = {pt},
  assignee = {Funda{\c c}{\~a}o Universidade de Bras{\'\i}lia},
  timestamp = {2015-06-12 19:32:22},
  number = {12732-1},
  author = {Zaguetto, Alexandre and Espinoza, Bruno Luiggi Macchiavello and Lima-Marques, Mamede},
  month = apr,
  year = {2015},
  pages = {164}
}

@misc{araujo_applications_2014,
  title = {Applications of Modal Logic Programming in Architecture of Information},
  timestamp = {2015-06-12 19:32:23},
  author = {Ara{\'u}jo, Lauro C{\'e}sar and Gorsky, Samir B. and Costa, Ismael M. and Nicoloa, J. R. M.},
  year = {2014}
}

@misc{universidadedebrasilia_estatuto_2011,
  title = {Estatuto e Regimento Geral},
  url = {http://www.unb.br/unb/transparencia/downloads/regimento_estatuto_unb.pdf},
  language = {pt},
  timestamp = {2015-07-23 19:13:09},
  urldate = {2015-07-23},
  author = {{Universidade de Bras{\'\i}lia}},
  month = sep,
  year = {2011},
  pages = {81}
}

@phdthesis{junior_sobre_2013,
  address = {Bras{\'\i}lia},
  type = {Doutorado em Ci{\^e}ncias da Informa{\c c}{\~a}o},
  title = {Sobre Uma Arquitetura da Informa{\c c}{\~a}o do Governo Brasileiro: {AIGov}-{BR}},
  timestamp = {2015-06-12 19:32:29},
  school = {Universidade de Bras{\'\i}lia},
  author = {J{\'u}nior, Odilon Neves},
  collaborator = {Lima-Marques, Mamede},
  year = {2013}
}

@misc{presidenciadarepublica_lei_2007,
  title = {Lei n{\textordmasculine} 11.445, de 5 de janeiro de 2007},
  url = {http://www.planalto.gov.br/ccivil_03/_ato2007-2010/2007/lei/l11445.htm},
  timestamp = {2015-06-12 19:32:31},
  author = {{Presid{\^e}ncia da Rep{\'u}blica}},
  month = may,
  year = {2007}
}

@phdthesis{souza_principais_2014,
  address = {Bras{\'\i}lia},
  type = {Monografia de Aperfei{\c c}oamento/Especializa{\c c}{\~a}o em Engenharia de Software - P{\'o}s Gradua{\c c}{\~a}o},
  title = {Principais aspectos que influenciam positivamente a percep{\c c}{\~a}o de valor do servi{\c c}o prestado ao cliente},
  timestamp = {2015-06-12 19:32:32},
  school = {Funda{\c c}{\~a}o Universa},
  author = {de Souza, Bruno Ara{\'u}jo},
  collaborator = {de Siqueira, Andr{\'e} Henrique},
  year = {2014}
}

@phdthesis{gorsky_logica_2013,
  address = {Campinas},
  type = {Tese de Doutorado},
  title = {A l{\'o}gica e a metaf{\'\i}sica dos enigmas : surpresa, espanto e informa{\c c}{\~a}o},
  shorttitle = {A l{\'o}gica e a metaf{\'\i}sica dos enigmas},
  url = {http://www.bibliotecadigital.unicamp.br/document/?code=000907856},
  language = {por},
  timestamp = {2015-05-26 13:00:42},
  urldate = {2015-05-26},
  school = {Universidade de Campinas},
  author = {Gorsky, Samir Bezerra and Carnielli, Walter Alexandre},
  month = mar,
  year = {2013},
  file = {Snapshot:/home/bruno/.zotero/zotero/7975udyj.default/zotero/storage/5M653UFW/document.html:text/html}
}

@phdthesis{brelaz_arquitetura_2014,
  address = {Bras{\'\i}lia},
  type = {Disserta{\c c}{\~a}o de Mestrado em Ci{\^e}ncias da Informa{\c c}{\~a}o},
  title = {Arquitetura de Informa{\c c}{\~a}o Qu{\^a}ntica com base na fenomenologia},
  language = {pt},
  timestamp = {2015-07-28 12:55:03},
  school = {Universidade de Bras{\'\i}lia},
  author = {Brelaz, Achilles},
  collaborator = {Lima-Marques, Mamede},
  year = {2014}
}

@book{kaplan_estrategia_1997,
  title = {A estrat{\'e}gia em a{\c c}{\~a}o: balanced scorecard},
  isbn = {978-85-352-0149-9},
  shorttitle = {A estrat{\'e}gia em a{\c c}{\~a}o},
  language = {pt},
  timestamp = {2015-08-03 20:30:45},
  publisher = {Campus},
  author = {Kaplan, Robert S. and Norton, David P.},
  year = {1997}
}

@misc{araujo_latex_2012,
  type = {Curso de curta dura{\c c}{\~a}o ministrado},
  title = {{LaTeX} Avan{\c c}ado - Template {ABNT} para Teses e Disserta{\c c}{\~o}es},
  timestamp = {2015-07-28 12:55:14},
  author = {de Ara{\'u}jo, Lauro C{\'e}sar},
  year = {2012}
}

@phdthesis{albuquerque_framework_2014,
  address = {Bras{\'\i}lia},
  type = {Doutorado em Ci{\^e}ncias da Informa{\c c}{\~a}o},
  title = {Framework para arquitetura da informa{\c c}{\~a}o em organiza{\c c}{\~o}es que empregam comunidades virtuais de profissionais para a engenharia distribu{\'\i}da e colaborativa de produtos de software},
  timestamp = {2015-07-28 12:55:16},
  school = {Universidade de Bras{\'\i}lia},
  author = {de Albuquerque, Fernando Antonio Ara{\'u}jo Chacon},
  collaborator = {Lima-Marques, Mamede},
  year = {2014}
}

@unpublished{fernandes_em_2013,
  address = {Revista {\'I}bero-Americana de Ci{\^e}ncia da Informa{\c c}{\~a}o},
  title = {Em busca de um modelo fenomenol{\'o}gico do mecanismo de apreens{\~a}o humana},
  timestamp = {2015-07-28 12:55:19},
  author = {Fernandes, Gilberto L. and Lima-Marques, Mamede},
  year = {2013}
}

@techreport{programanacionaldepos-graduacao_comissao_2013,
  address = {Bras{\'\i}lia, {DF}},
  title = {Comiss{\~a}o Especial de Acompanhamento do {PNPG} 2011-2020 e Elabora{\c c}{\~a}o da Agenda Nacional de Pesquisa -- Relat{\'o}rio Final 2013},
  language = {pt},
  timestamp = {2015-07-23 14:20:05},
  institution = {Capes},
  author = {{Programa Nacional de P{\'o}s-Gradua{\c c}{\~a}o}},
  month = nov,
  year = {2013},
  pages = {104}
}

@misc{pereirajunior_business_2012,
  title = {Business Intelligence para Sistemas de Aeronavega{\c c}{\~a}o},
  timestamp = {2015-07-28 12:55:20},
  author = {Pereira J{\'u}nior, Romualdo Alves},
  year = {2012}
}

@phdthesis{filho_um_2014,
  address = {Bras{\'\i}lia},
  type = {Disserta{\c c}{\~a}o de Mestrado em Ci{\^e}ncias da Informa{\c c}{\~a}o},
  title = {Um Modelo de Arquitetura da Informa{\c c}{\~a}o Orientado a Servi{\c c}os},
  timestamp = {2015-07-28 12:55:21},
  school = {Universidade de Bras{\'\i}lia},
  author = {Filho, Paulo Argolo da Cruz Rios},
  collaborator = {Lima-Marques, Mamede},
  year = {2014}
}

@phdthesis{araujo_configuracao_2012,
  address = {Bras{\'\i}lia},
  type = {Disserta{\c c}{\~a}o de Mestrado em Ci{\^e}ncias da Informa{\c c}{\~a}o},
  title = {Configura{\c c}{\~a}o: Uma perspectiva de Arquitetura da Informa{\c c}{\~a}o da Escola de Bras{\'\i}lia},
  language = {pt},
  timestamp = {2015-08-03 20:30:54},
  school = {Universidade de Bras{\'\i}lia},
  author = {de Ara{\'u}jo, Lauro C{\'e}sar},
  collaborator = {Lima-Marques, Mamede},
  year = {2012}
}

@misc{araujo_ontoprolog_2014,
  title = {Ontoprolog: uma Ferramenta Multimodal para Descri{\c c}{\~a}o de Ontologias},
  timestamp = {2015-07-28 12:55:32},
  author = {de Ara{\'u}jo, Lauro C{\'e}sar},
  year = {2014}
}

@misc{gruber_translation_1993,
  title = {A Translation Approach to Portable Ontology Specifications},
  url = {http://tomgruber.org/writing/ontolingua-kaj-1993.htm},
  timestamp = {2015-08-03 20:30:51},
  urldate = {2015-04-01},
  author = {Gruber, Tom},
  year = {1993},
  file = {Snapshot:/home/bruno/.zotero/zotero/7975udyj.default/zotero/storage/XM56RPDF/A Translation Approach to Portable Ontology Specif.html:text/html}
}

@misc{presidenciadarepublica_lei_2010-1,
  title = {Lei n{\textordmasculine} 12.305, de 2 de agosto de 2010},
  url = {http://www.planalto.gov.br/ccivil_03/_ato2007-2010/2010/lei/l12305.htm},
  timestamp = {2015-07-28 12:55:45},
  author = {{Presid{\^e}ncia da Rep{\'u}blica}},
  month = mar,
  year = {2010}
}

@inproceedings{pereirajunior_genesis_2012,
  address = {La Jolla, {CA}},
  title = {The Genesis of Information in the Phenomenological Epoche},
  timestamp = {2015-07-28 12:55:46},
  booktitle = {14th Annual International Conference of the Society for Phenomenology and Media, 2012 - Proceedings of {SocPhenMedia} 2012},
  author = {Pereira J{\'u}nior, Romualdo and Lima-Marques, Mamede},
  year = {2012}
}

@inproceedings{fernandes_consideracoes_2013,
  address = {Porto, Portugal},
  title = {Considera{\c c}{\~o}es sobre a abrang{\^e}ncia disciplinar da Ci{\^e}ncia da Informa{\c c}{\~a}o},
  timestamp = {2015-08-03 20:30:55},
  booktitle = {Congresso {ISKO}/Porto},
  author = {Fernandes, Gilberto L. and Lima-Marques, Mamede},
  year = {2013}
}

@misc{fernandes_sobre_2013,
  address = {Porto, Portugal},
  title = {Sobre a natureza da Informa{\c c}{\~a}o, dado e conhecimento},
  timestamp = {2015-08-03 20:32:24},
  author = {Fernandes, Gilberto L. and Lima-Marques, Mamede},
  year = {2013}
}

@misc{presidenciadarepublica_lei_2010,
  title = {Lei N{\textordmasculine} 12.305/2010},
  url = {http://www.planalto.gov.br/ccivil_03/_ato2007-2010/2010/lei/l12305.htm},
  language = {pt},
  timestamp = {2015-07-05 21:03:11},
  urldate = {2015-07-05},
  author = {{Presid{\^e}ncia da Rep{\'u}blica}},
  month = aug,
  year = {2010}
}

@article{cherem_utilizacao_2015,
  title = {A utiliza{\c c}{\~a}o do sistema de prepara{\c c}{\~a}o de textos {LaTeX} na produ{\c c}{\~a}o de textos acad{\^e}micos no Brasil: uma investiga{\c c}{\~a}o preliminar e perspectivas},
  volume = {20},
  issn = {1981-8920},
  shorttitle = {A utiliza{\c c}{\~a}o do sistema de prepara{\c c}{\~a}o de textos {LaTeX} na produ{\c c}{\~a}o de textos acad{\^e}micos no Brasil},
  url = {http://www.uel.br/revistas/uel/index.php/informacao/article/view/18495},
  doi = {10.5433/1981-8920.2015v20n1p228},
  timestamp = {2015-07-05 15:09:20},
  number = {1},
  urldate = {2015-07-05},
  journal = {Informa{\c c}{\~a}o \& Informa{\c c}{\~a}o},
  author = {Cherem, Youssef Alvarenga},
  month = jun,
  year = {2015},
  pages = {228}
}

@misc{gorsky_molog_2012,
  type = {Curso de curta dura{\c c}{\~a}o ministrado},
  title = {{MOLOG} Programa{\c c}{\~a}o em L{\'o}gicas Modais},
  timestamp = {2015-08-03 20:31:06},
  author = {Gorsky, Samir Bezerra},
  year = {2012}
}

@inproceedings{lima-marques_ciencia_2014,
  title = {Ci{\^e}ncia e inova{\c c}{\~a}o Tecnol{\'o}gica: caminhos para a Modernidade},
  timestamp = {2015-08-03 20:30:52},
  booktitle = {Tecnologias Aplicadas nas Atividades Fundamentais no Estado},
  author = {Lima-Marques, Mamede},
  year = {2014}
}

@misc{pereirajunior_member_2012,
  title = {Member of the International Advisory Board of {INTED} 2012},
  timestamp = {2015-08-03 20:31:05},
  author = {Pereira J{\'u}nior, Romualdo Alves},
  year = {2012}
}

@book{kaplan_alinhamento_2006,
  title = {Alinhamento},
  isbn = {978-85-352-1973-9},
  language = {pt},
  timestamp = {2015-07-04 20:29:57},
  publisher = {Elsevier Brasil},
  author = {Kaplan, Robert S. and Norton, David P.},
  year = {2006}
}

@misc{gorsky_o_2012,
  title = {O problema da omiss{\~a}o ou aus{\^e}ncia de dados no processo de pesquisa cient{\'\i}fica},
  timestamp = {2015-08-03 20:32:19},
  author = {Gorsky, Samir B.},
  year = {2012}
}

@misc{araujo_abntex2_2014,
  title = {{abnTeX2} - Modelo can{\^o}nico de trabalhos acad{\^e}micos em {LaTeX}},
  timestamp = {2015-08-03 20:30:44},
  publisher = {{CPAI}},
  author = {de Ara{\'u}jo, Lauro C{\'e}sar},
  year = {2014}
}

@inproceedings{pereirajunior_phenomenological_2012,
  address = {Madrid},
  title = {A Phenomenological Architecture of Information Approach to Online Education},
  timestamp = {2015-08-03 20:30:47},
  booktitle = {5th International Conference of Education, Research and Innovation - {ICERI} 2012},
  author = {Pereira J{\'u}nior, Romualdo Alves and Oliveira Junior, D. A. and Seimetz, E. M. and Lima-Marques, Mamede},
  year = {2012}
}

@phdthesis{nort_rotulos_2014,
  address = {Bras{\'\i}lia},
  type = {Monografia de Aperfei{\c c}oamento/Especializa{\c c}{\~a}o em Bacharelado em Filosofia},
  title = {R{\'o}tulos de Argumentos: defini{\c c}{\~a}o e an{\'a}lise a partir do argumento das fal{\'a}cias informais},
  timestamp = {2015-08-03 20:32:23},
  school = {Universidade de Bras{\'\i}lia},
  author = {Nort, Albertina Eleane},
  collaborator = {Gorsky, Samir Bezerra},
  year = {2014}
}

@misc{gorsky_alguns_2012,
  title = {Alguns aspectos epistemol{\'o}gicos dos conceitos de enigma e de surpresa},
  timestamp = {2015-08-03 20:30:46},
  author = {Gorsky, Samir B.},
  year = {2012}
}

@phdthesis{oliveira_uma_2012,
  address = {Bras{\'\i}lia},
  type = {Doutorado em Ci{\^e}ncias da Informa{\c c}{\~a}o},
  title = {Uma proposta de Arquitetura da Informa{\c c}{\~a}o para o processo de inova{\c c}{\~a}o em centros de pesquisa},
  timestamp = {2015-08-03 20:32:29},
  school = {Universidade de Bras{\'\i}lia},
  author = {Oliveira, Carlson Batista},
  collaborator = {Lima-Marques{,} Mamede,},
  year = {2012}
}

@article{azevedo_em_2012,
  title = {Em dire{\c c}{\~a}o {\`a} uma Arquitetura da Informa{\c c}{\~a}o para Sistemas de Escolha Social},
  volume = {5},
  issn = {1983-5213},
  language = {Portugu{\^e}s},
  timestamp = {2015-08-03 20:30:59},
  journal = {Revista Ibero-Americana de Ci{\^e}ncia da Informa{\c c}{\~a}o},
  author = {Azevedo, R. F. B. C. and Lima-Marques, Mamede},
  year = {2012},
  pages = {1--26}
}

@misc{cpai_plano_2014,
  title = {Plano de Trabalho -- Arquitetura da Informa{\c c}{\~a}o da Gest{\~a}o de Res{\'\i}duos S{\'o}lidos do Governo Federal, vers{\~a}o 1.18},
  copyright = {{CPAI}},
  shorttitle = {Arquitetura da Informa{\c c}{\~a}o da Gest{\~a}o de Res{\'\i}duos S{\'o}lidos do Governo Federal},
  language = {pt},
  timestamp = {2015-07-05 22:03:20},
  publisher = {Centro de Pesquisa em Arquitetura da Informa{\c c}{\~a}o},
  author = {{CPAI}},
  month = dec,
  year = {2014}
}

@phdthesis{junior_fatores_2014,
  address = {Bras{\'\i}lia},
  type = {Monografia de Aperfei{\c c}oamento/Especializa{\c c}{\~a}o em Engenharia de Software - P{\'o}s Gradua{\c c}{\~a}o},
  title = {Fatores cr{\'\i}ticos para a forma{\c c}{\~a}o de times auto-organizados},
  timestamp = {2015-08-03 20:31:00},
  school = {Funda{\c c}{\~a}o Universa},
  author = {Junior, Osvaldo Bastista de Castro},
  collaborator = {de Siqueira, Andr{\'e} Henrique},
  year = {2014}
}

@misc{gorsky_surprise_2012,
  title = {On Surprise, Bewilderment and Information},
  timestamp = {2015-08-03 20:31:08},
  author = {Gorsky, Samir B.},
  year = {2012}
}

@book{kaplan_mapas_2004,
  title = {Mapas estrat{\'e}gicos: convertendo ativos intang{\'\i}veis em resultados tang{\'\i}veis},
  isbn = {978-85-352-1268-6},
  shorttitle = {Mapas estrat{\'e}gicos},
  language = {pt},
  timestamp = {2015-08-03 20:31:04},
  publisher = {{CAMPUS} - {RJ}},
  author = {Kaplan, Robert S. and Norton, David P.},
  year = {2004}
}

@misc{araujo_lexml_2014,
  title = {{LexML}: aplica{\c c}{\~o}es de estudos e pesquisa no Poder Legislativo},
  timestamp = {2015-08-03 20:31:03},
  author = {Ara{\'u}jo, Lauro C{\'e}sar and Nicola, J. R. M.},
  year = {2014}
}

@phdthesis{siqueira_arquitetura_2012,
  address = {Bras{\'\i}lia},
  type = {Doutorado em Ci{\^e}ncias da Informa{\c c}{\~a}o},
  title = {Arquitetura da Informa{\c c}{\~a}o: uma proposta para fundamenta{\c c}{\~a}o e caracteriza{\c c}{\~a}o da disciplina cient{\'\i}fica},
  timestamp = {2015-08-03 20:30:50},
  school = {Universidade de Bras{\'\i}lia},
  author = {de Siqueira, Andr{\'e} Henrique},
  collaborator = {Lima-Marques, Mamede},
  year = {2012}
}

@article{guinchat_introducao_1994,
  title = {Introdu{\c c}{\~a}o geral {\`a}s ci{\^e}ncias e t{\'e}cnicas da informa{\c c}{\~a}o e documenta{\c c}{\~a}o},
  url = {http://livroaberto.ibict.br/handle/1/1007},
  language = {pot},
  timestamp = {2015-08-03 20:31:02},
  urldate = {2015-05-06},
  author = {Guinchat, Claire and Menou, Michel},
  year = {1994},
  file = {Snapshot:/home/bruno/.zotero/zotero/7975udyj.default/zotero/storage/BJJ8JE39/1007.html:text/html}
}

@article{brelaz_sobre_2012,
  title = {Sobre a Possibilidade de uma Arquitetura de Informa{\c c}{\~a}o Qu{\^a}ntica},
  volume = {5},
  issn = {1983-5213},
  language = {Portugu{\^e}s},
  timestamp = {2015-08-03 20:32:26},
  number = {2},
  journal = {Revista Ibero-Americana de Ci{\^e}ncia da Informa{\c c}{\~a}o},
  author = {Brelaz, Achilles and Lima-Marques, Mamede},
  year = {2012}
}

@misc{gorsky_paraconsistent_2014,
  title = {Paraconsistent Algebra of Sets, Information and the Bar-Hillel-Carnap Paradox},
  timestamp = {2015-08-03 20:32:20},
  author = {Gorsky, Samir B. and Carnielli, Walter A.},
  year = {2014}
}

@article{guarino_sweetening_2003,
  title = {Sweetening {WordNet} with {DOLCE}},
  volume = {24},
  url = {http://puma.isti.cnr.it/dfdownloadnew.php?ident=/cnr.istc/2003-A0-032\&langver=en\&scelta=NewMetadata},
  timestamp = {2015-08-03 20:32:27},
  urldate = {2015-04-01},
  journal = {{AI} Magazine},
  author = {Guarino, N. and Gangemi, A. and Masolo, C. and Oltramari, A.},
  year = {2003},
  pages = {13--24}
}

@misc{presidenciadarepublica_lei_2004,
  title = {Lei N{\textordmasculine} 10.973/2004},
  url = {http://www.planalto.gov.br/ccivil_03/_ato2004-2006/2004/lei/l10.973.htm},
  language = {pt},
  timestamp = {2015-08-03 19:21:43},
  urldate = {2015-07-05},
  author = {{Presid{\^e}ncia da Rep{\'u}blica}},
  month = dec,
  year = {2004}
}

@phdthesis{duarte_uma_2011,
  address = {Bras{\'I}lia},
  type = {Doutorado em Ci{\^e}ncias da Informa{\c c}{\~a}o},
  title = {Uma Arquitetura {\'A}gil da Informa{\c c}{\~a}o Organizacional},
  url = {http://hdl.handle.net/10482/9817},
  timestamp = {2015-08-03 20:32:28},
  school = {Universidade de Bras\ensuremath{\backslash}{\'\i}lia, Faculdade de Ci{\^e}ncia da Informa{\c c}{\~a}o},
  author = {Duarte, Jorge C. and Lima-Marques, Mamede},
  month = may,
  year = {2011},
  keywords = {Arquitetura da informação}
}

@phdthesis{costa_um_2009,
  address = {Bras{\'\i}lia},
  type = {Mestrado},
  title = {Um M{\'e}todo para Arquitetura da Informa{\c c}{\~a}o: fenomenologia como base para o desenvolvimento de arquiteturas da informa{\c c}{\~a}o aplicadas},
  url = {http://repositorio.unb.br/handle/10482/7087},
  timestamp = {2015-09-06 00:15:05},
  school = {Universidade de Bras{\'\i}lia, Faculdade de Ci{\^e}ncia da Informa{\c c}{\~a}o},
  author = {Costa, Ismael},
  month = mar,
  year = {2010},
  keywords = {Arquitetura da informação},
  file = {2010_IsmaeldeMouraCosta.pdf:/home/bruno/.zotero/zotero/7975udyj.default/zotero/storage/VS56I53E/2010_IsmaeldeMouraCosta.pdf:application/pdf}
}

@misc{fernandes_requisitos_2014,
  title = {Requisitos de Software: uma abordagem epid{\^e}mica},
  timestamp = {2015-08-03 20:32:22},
  author = {Fernandes, Gilberto L.},
  year = {2014}
}

@misc{presidenciadarepublica_decreto_2005,
  title = {Decreto N{\textordmasculine} 5.563/2005},
  url = {http://www.planalto.gov.br/ccivil_03/_ato2004-2006/2005/decreto/d5563.htm},
  language = {pt},
  timestamp = {2015-07-05 21:01:28},
  urldate = {2015-07-05},
  author = {{Presid{\^e}ncia da Rep{\'u}blica}},
  month = oct,
  year = {2005}
}

@phdthesis{pereirajunior_uma_2012,
  address = {Bras{\'\i}lia},
  type = {Doutorado em Ci{\^e}ncias da Informa{\c c}{\~a}o},
  title = {Uma Proposta de Arquitetura Gen{\'e}tica da Informa{\c c}{\~a}o},
  timestamp = {2015-08-03 20:32:30},
  school = {Universidade de Bras{\'\i}lia},
  author = {Pereira J{\'u}nior, Romualdo},
  collaborator = {Lima-Marques{,} Mamede,},
  year = {2012}
}

@misc{pereirajunior_projeto_2012,
  title = {Projeto {AEB} Escola Virtual},
  timestamp = {2015-08-03 20:32:21},
  author = {Pereira J{\'u}nior, Romualdo A.},
  year = {2012}
}

@misc{presidenciadarepublica_decreto_2010,
  title = {Decreto N{\textordmasculine} 7.404/2010},
  url = {http://www.planalto.gov.br/ccivil_03/_ato2007-2010/2010/Decreto/D7404.htm},
  language = {pt},
  timestamp = {2015-07-05 21:11:55},
  urldate = {2015-07-05},
  author = {{Presid{\^e}ncia da Rep{\'u}blica}},
  month = dec,
  year = {2010}
}

@phdthesis{azevedo_arquitetura_2014,
  address = {Bras{\'\i}lia},
  type = {Disserta{\c c}{\~a}o de Mestrado em Ci{\^e}ncias da Informa{\c c}{\~a}o},
  title = {Arquitetura da Informa{\c c}{\~a}o para sistemas de escolhas sociais},
  timestamp = {2015-08-03 20:30:49},
  school = {Universidade de Bras{\'\i}lia},
  author = {Azevedo, Rafael Fernandes de Barros Costa},
  collaborator = {Lima-Marques, Mamede},
  year = {2014}
}

@article{choas_arquitetura_2012,
  title = {Arquitetura da informa{\c c}{\~a}o para integra{\c c}{\~a}o de dados alfanum{\'e}ricos e espaciais para apoio {\`a} tomada de decis{\~a}o},
  volume = {1},
  copyright = {Direitos autorais},
  issn = {1808-0936},
  url = {http://www.lsie.unb.br/rbc/index.php/rbc/article/view/461},
  language = {pt},
  timestamp = {2015-08-03 20:30:48},
  number = {64},
  urldate = {2015-04-24},
  journal = {Revista Brasileira de Cartografia},
  author = {de Choas, Mona Lisa Lobo and Rosa, Antonio Nuno de Castro Santa and Lima-Marques, Mamede and Roig, Henrique Llacer},
  month = oct,
  year = {2012},
  pages = {103--111},
  file = {Snapshot:/home/bruno/.zotero/zotero/7975udyj.default/zotero/storage/JFESASDC/461.html:text/html}
}

@incollection{macedo_information_2014,
  address = {Switzerland},
  series = {Human-Computer Interaction},
  title = {Information Architecture as a Discipline},
  isbn = {978-3-319-06492-5},
  url = {http://www.springer.com/gp/book/9783319064918},
  language = {English},
  timestamp = {2015-08-03 20:31:01},
  booktitle = {Reframing Information Architecture},
  publisher = {Springer International Publishing},
  author = {de Macedo, Fl{\'a}via Lacerta Oliveira and Lima-Marques, Mamede},
  editor = {Resmini, Andrea},
  year = {2014}
}

@phdthesis{lima-marques_connaissance_1992,
  title = {De la connaissance {\`a} la paraconsistance: un mod{\`e}le d'application pour la r{\'e}solution des conflits a{\'e}riens},
  timestamp = {2015-08-03 20:30:57},
  school = {Institut de Recherche en Informatique de Toulouse - {IRIT}},
  author = {Lima-Marques, Mamede},
  year = {1992},
  keywords = {Arquitetura,da,informação}
}

@unpublished{araujo_configuracao_2013,
  address = {Revista {\'I}bero-Americana de Ci{\^e}ncia da Informa{\c c}{\~a}o},
  title = {Configura{\c c}{\~a}o da informa{\c c}{\~a}o?},
  language = {pt},
  timestamp = {2015-08-03 20:30:53},
  author = {Ara{\'u}jo, Lauro C{\'e}sar and Lima-Marques, Mamede},
  year = {2013}
}

@article{pereirajunior_construcao_2012,
  title = {Constru{\c c}{\~a}o de Ontologias de Alto-N{\'\i}vel para uma Arquitetura Gen{\'e}tica da Informa{\c c}{\~a}o},
  issn = {1808-0936},
  language = {pt},
  timestamp = {2015-08-03 20:30:56},
  journal = {Revista Ibero-Americana de Ci{\^e}ncia da Informa{\c c}{\~a}o},
  author = {Pereira J{\'u}nior, Romualdo Alves},
  year = {2012},
  pages = {1--26}
}

@phdthesis{braga_o_2014,
  address = {Bras{\'\i}lia},
  type = {Monografia de Aperfei{\c c}oamento/Especializa{\c c}{\~a}o em Engenharia de Software - P{\'o}s Gradua{\c c}{\~a}o},
  title = {O conhecimento acumulado durante o processo {\'a}gil de desenvolvimento de software baseado em historia de usu{\'a}rio},
  timestamp = {2015-08-03 20:31:07},
  school = {Funda{\c c}{\~a}o Universa},
  author = {Braga, Zama Bandeira},
  collaborator = {de Siqueira, Andr{\'e} Henrique},
  year = {2014}
}

@misc{albuquerque_sobre_2011,
  type = {Artigo / Article},
  title = {Sobre os fundamentos da arquitetura da informa{\c c}{\~a}o},
  url = {http://repositorio.unb.br/handle/10482/12862},
  language = {por},
  timestamp = {2015-09-06 00:32:04},
  urldate = {2015-09-06},
  author = {de Albuquerque, Alfram Roberto Rodrigues and Lima-Marques, Mamede},
  month = oct,
  year = {2011},
  file = {Snapshot:/home/bruno/.zotero/zotero/7975udyj.default/zotero/storage/XGQ3USIC/12862.html:text/html}
}

@misc{oliveira_uma_2012-1,
  type = {Tese / Thesis},
  title = {Uma proposta de arquitetura da informa{\c c}{\~a}o para o processo de inova{\c c}{\~a}o em centros de pesquisa},
  url = {http://repositorio.unb.br/handle/10482/10918},
  language = {por},
  timestamp = {2015-09-06 00:32:09},
  urldate = {2015-09-06},
  author = {de Oliveira, Carlson Batista},
  month = jul,
  year = {2012},
  file = {Snapshot:/home/bruno/.zotero/zotero/7975udyj.default/zotero/storage/32WF7U9T/10918.html:text/html}
}

@misc{brelaz_discurso_2015,
  type = {Disserta{\c c}{\~a}o / Dissertation},
  title = {Discurso sobre uma fundamenta{\c c}{\~a}o ontol{\'o}gica da informa{\c c}{\~a}o},
  url = {http://repositorio.unb.br/handle/10482/18307},
  language = {por},
  timestamp = {2015-09-06 00:32:13},
  urldate = {2015-09-06},
  author = {Brelaz, Achilles P.},
  month = jun,
  year = {2015},
  file = {Snapshot:/home/bruno/.zotero/zotero/7975udyj.default/zotero/storage/GZFNIIM2/18307.html:text/html}
}

@misc{manini_ontologias_2007,
  type = {Trabalho / Paper},
  title = {Ontologias : indexa{\c c}{\~a}o e recupera{\c c}{\~a}o de fotografias baseadas na t{\'e}cnica fotogr{\'a}fica e no conte{\'u}do da imagem},
  shorttitle = {Ontologias},
  url = {http://repositorio.unb.br/handle/10482/1013},
  language = {por},
  timestamp = {2015-09-06 00:32:16},
  urldate = {2015-09-06},
  author = {Manini, Miriam Paula and Lima-Marques, Mamede and Miranda, Alex Sandro Santos},
  month = oct,
  year = {2007},
  file = {Snapshot:/home/bruno/.zotero/zotero/7975udyj.default/zotero/storage/B6IZSTWG/1013.html:text/html}
}

@misc{albuquerque_discurso_2011,
  type = {Tese / Thesis},
  title = {Discurso sobre fundamentos de arquitetura da informa{\c c}{\~a}o},
  url = {http://repositorio.unb.br/handle/10482/7110},
  language = {por},
  timestamp = {2015-09-06 00:32:29},
  urldate = {2015-09-06},
  author = {de Albuquerque, Alfram Roberto Rodrigues},
  month = mar,
  year = {2011},
  file = {Snapshot:/home/bruno/.zotero/zotero/7975udyj.default/zotero/storage/27C9HFK7/7110.html:text/html}
}

@misc{miranda_ontologias_2010-1,
  type = {Disserta{\c c}{\~a}o / Dissertation},
  title = {Ontologias : indexa{\c c}{\~a}o e recupera{\c c}{\~a}o de fotografias baseadas na t{\'e}nica fotogr{\'a}fica e no conte{\'u}do},
  shorttitle = {Ontologias},
  url = {http://repositorio.unb.br/handle/10482/3189},
  language = {pt\_BR},
  timestamp = {2015-09-06 00:32:34},
  urldate = {2015-09-06},
  author = {Miranda, Alex Sandro Santos},
  month = jan,
  year = {2010},
  file = {Snapshot:/home/bruno/.zotero/zotero/7975udyj.default/zotero/storage/HZUM9A85/3189.html:text/html}
}


